<record><leader>00000cas a22000007a 4500</leader><controlfield tag="001">15649458</controlfield><controlfield tag="008">870508d18uu18uumsuwr ne      0    0eng d</controlfield><datafield ind1=" " ind2=" " tag="010"><subfield code="a">sn 87065375 </subfield></datafield><datafield ind1=" " ind2=" " tag="040"><subfield code="a">MJA</subfield><subfield code="b">eng</subfield><subfield code="c">MJA</subfield><subfield code="d">MSJ</subfield><subfield code="d">OCLCQ</subfield></datafield><datafield ind1=" " ind2=" " tag="042"><subfield code="a">msc</subfield></datafield><datafield ind1="0" ind2="4" tag="245"><subfield code="a">The Farmer's Democrat.</subfield></datafield><datafield ind1=" " ind2=" " tag="260"><subfield code="a">Macon, Miss. :</subfield><subfield code="b">Boyle Bros.</subfield></datafield><datafield ind1=" " ind2=" " tag="310"><subfield code="a">Weekly</subfield></datafield><datafield ind1=" " ind2=" " tag="588"><subfield code="a">Description based on: Vol. 6, no. 49 (Aug. 10, 1895).</subfield></datafield><datafield ind1=" " ind2=" " tag="752"><subfield code="a">United States</subfield><subfield code="b">Mississippi</subfield><subfield code="c">Noxubee</subfield><subfield code="d">Macon.</subfield></datafield><datafield ind1="0" ind2="0" tag="780"><subfield code="t">Noxubee Democrat</subfield><subfield code="w">(OCoLC)15649403</subfield></datafield></record>